<?xml version="1.0" encoding="UTF-8"?><collection xmlns="http://www.loc.gov/MARC21/slim"><record><leader>00511nam--2200193-i-4500</leader><controlfield tag="001">000011146</controlfield><controlfield tag="002">20161230</controlfield><controlfield tag="005">20161230201029</controlfield><controlfield tag="008">060222s1000------------r-----000-0-eng-d</controlfield><datafield ind1=" " ind2=" " tag="020"><subfield code="a">012200650X</subfield></datafield><datafield ind1=" " ind2=" " tag="040"><subfield code="a">IFIN-HH</subfield></datafield><datafield ind1=" " ind2=" " tag="080"><subfield code="a">537.533.3:537.534.3</subfield></datafield><datafield ind1="1" ind2=" " tag="100"><subfield code="a">Dahl, Poul</subfield></datafield><datafield ind1="1" ind2="0" tag="245"><subfield code="a">Introduction to electron and ion optics</subfield><subfield code="c">Poul dahl</subfield></datafield><datafield ind1=" " ind2=" " tag="260"><subfield code="a">New York</subfield><subfield code="b">Academic Press</subfield><subfield code="c">1973</subfield></datafield><datafield ind1=" " ind2=" " tag="300"><subfield code="a">VII+147P</subfield></datafield><datafield ind1=" " ind2="4" tag="650"><subfield code="a">Particle Accelerators</subfield></datafield><datafield ind1=" " ind2=" " tag="852"><subfield code="a">37326</subfield><subfield code="c">537.533.3</subfield></datafield><datafield ind1=" " ind2=" " tag="CAT"><subfield code="a">Sys</subfield><subfield code="c">20110901</subfield><subfield code="h">093501</subfield></datafield></record></collection>